<?xml version="1.0" encoding="UTF-8"?><record xmlns="http://www.loc.gov/MARC21/slim" xmlns:cinclude="http://apache.org/cocoon/include/1.0" xmlns:zs="http://www.loc.gov/zing/srw/">
  <leader>00954cz  a2200205n  4500</leader>
  <controlfield tag="001">n  86115667 </controlfield>
  <controlfield tag="003">DLC</controlfield>
  <controlfield tag="005">20081013201546.0</controlfield>
  <controlfield tag="008">870430nc acannaabn          |b ana      </controlfield>
  <datafield tag="010" ind1=" " ind2=" ">
    <subfield code="a">n  86115667 </subfield>
  </datafield>
  <datafield tag="035" ind1=" " ind2=" ">
    <subfield code="a">(OCoLC)oca01844465</subfield>
  </datafield>
  <datafield tag="040" ind1=" " ind2=" ">
    <subfield code="a">DLC</subfield>
    <subfield code="b">eng</subfield>
    <subfield code="c">DLC</subfield>
    <subfield code="d">DLC</subfield>
    <subfield code="d">OCoLC</subfield>
  </datafield>
  <datafield tag="110" ind1="2" ind2=" ">
    <subfield code="a">Ji nan da xue (China).</subfield>
    <subfield code="b">Guo min jing ji ji hua jiao yan shi</subfield>
  </datafield>
  <datafield tag="410" ind1="2" ind2=" ">
    <subfield code="a">Ji nan da xue (China).</subfield>
    <subfield code="b">Jing ji xue yuan.</subfield>
    <subfield code="b">Guo min jing ji ji hua jiao yan shi</subfield>
  </datafield>
  <datafield tag="410" ind1="2" ind2=" ">
    <subfield code="a">Ji nan da xue jing ji xue yuan guo min jing ji ji hua jiao yan shi (China)</subfield>
  </datafield>
  <datafield tag="410" ind1="2" ind2=" ">
    <subfield code="w">nnea</subfield>
    <subfield code="a">Chi nan ta hsüeh (China).</subfield>
    <subfield code="b">Kuo min ching chi chi hua chiao yen shih</subfield>
  </datafield>
  <datafield tag="410" ind1="2" ind2=" ">
    <subfield code="a">暨南大学 (China).</subfield>
    <subfield code="b">国民经济计划教硏室</subfield>
  </datafield>
  <datafield tag="667" ind1=" " ind2=" ">
    <subfield code="a">Machine-derived non-Latin script reference project.</subfield>
  </datafield>
  <datafield tag="667" ind1=" " ind2=" ">
    <subfield code="a">Non-Latin script reference not evaluated.</subfield>
  </datafield>
  <datafield tag="670" ind1=" " ind2=" ">
    <subfield code="a">Kuo min ching chi chi hua yüan li, 1985:</subfield>
    <subfield code="b">t.p. (Chi nan ta hsüeh ching chi hsüeh yüan kuo min ching chi chi hua chiao yen shih)</subfield>
  </datafield>
</record>